
@misc{xplodwild_android_packages_apps_focal:_2017,
	title = {android\_packages\_apps\_Focal: {Open} {Source} {Android} {Camera} {App}},
	shorttitle = {android\_packages\_apps\_Focal},
	url = {https://github.com/xplodwild/android_packages_apps_Focal},
	author = {XpLoDWilD},
	month = sep,
	year = {2017},
	note = {original-date: 2013-05-20T19:43:36Z},
	file = {Snapshot:/Users/LordNelson/Library/Application Support/Zotero/Profiles/vn3m5a3z.default/zotero/storage/KRTA3BMW/focal.html:text/html}
}